@manual{rss1999,
    url="https://www.rssboard.org/rss-0-9-0",
    year={1999},
    title={{RSS} 0.90 Specification},
    author={{RSS Advisory Board}}
}
@manual{zstd,
    url="http://facebook.github.io/zstd/",
    title={Zstandard},
    year={2015},
    author={Yann Collet}
}
@article{page1998,
    title={The Anatomy of a Large-Scale Hypertextual Web Search Engine},
    author={
        Sergey Brin
        and Lawrence Page
    },
    year={1998},
    journal={Computer Networks},
    volume={30},
    pages={107-117}
}
@manual{redis,
    url={https://redis.io/},
    title={Redis},
    year={2020},
    author={Salvatore Sanfilippo}
}

@book{stephens2007,
    title={A History of News},
    keywords={Journalism, Reporters and reporting},
    author={Mitchell Stephens},
    year={2007},
    publisher={Oxford University Press},
    edition={3}
}

@manual{gdpr,
    url={https://gdpr-info.eu/},
    title={General Data Protection Regulation},
    year={2016}
}
@manual{euler84,
    url={https://projecteuler.net/problem=84},
    title={Problem 84},
    author={{Project Euler}},
    year={2004}
}
@techreport{page1999,
    title={The Page Rank Citation Ranking: Bringing Order to the Web},
    author={
        Lawrence Page
        and Sergey Brin
        and Rajeev Motwani
        and Terry Winograd
    },
    year={1999},
    institution={Stanford InfoLab},
    address={California}
}
@manual{unicode,
    title={Unicode 13.0.0 final names list},
    url={https://unicode.org/Public/UNIDATA/NamesList.txt},
    author={Unicode Consortium},
    year={2020}
}
@phdthesis{koidl,
    title={Cross-Site Personalisation},
    author={Kevin Koidl},
    school={The University of Dublin},
    address={Trinity College Dublin},
    year={2013}
}
@incollection{brusilovsky2007,
    title={Open corpus adaptive educational hypermedia},
    author={Peter Brusilovsky and Nicola Henze},
    booktitle={The adaptive web},
    pages={671--696},
    year={2007},
    publisher={Springer}
}
@article{henze2001,
    title={Adaptation in open corpus hypermedia},
    author={Nicola Henze and Wolfgang Nejdl},
    journal={International Journal of Artificial Intelligence in Education},
    volume={12},
    number={4},
    pages={325--350},
    year={2001}
}
@article{markwell2003,
    title={“Link rot” limits the usefulness of web-based educational materials in biochemistry and molecular biology},
    author={Markwell, John and Brooks, David W},
    journal={Biochemistry and Molecular Biology Education},
    volume={31},
    number={1},
    pages={69--72},
    year={2003},
    publisher={Wiley Online Library}
}
@online{jsdom,
    title={JSDOM homepage},
    url={https://github.com/jsdom/jsdom#readme},
    author={Domenic Denicola},
    year={2020}
}
@mastersthesis{matter2008,
    title={Ajax Crawl: making Ajax applications searchable},
    author={Reto Matter},
    year={2008},
    school={Eidgenössische Technische Hochschule Zürich, Department of Computer Science}
}
@article{mesbah2012,
    title={Crawling Ajax-based web applications through dynamic analysis of user interface state changes},
    author={Mesbah, Ali and Van Deursen, Arie and Lenselink, Stefan},
    journal={ACM Transactions on the Web (TWEB)},
    volume={6},
    number={1},
    pages={1--30},
    year={2012},
    publisher={ACM New York, NY, USA}
}
@inproceedings{mcbryan1994,
    title={GENVL and WWWW: Tools for taming the web},
    author={Oliver A. McBryan},
    booktitle={Proceedings of the first international world wide web conference},
    volume={341},
    year={1994}
}
@article{shu2017,
    title={Fake news detection on social media: A data mining perspective},
    author={
        Kai Shu
        and Amy Sliva
        and Suhang Wang
        and Jiliang Tang
        and Huan Liu
    },
    journal={ACM SIGKDD explorations newsletter},
    volume={19},
    number={1},
    pages={22--36},
    year={2017},
    publisher={ACM New York, NY, USA}
}
@inproceedings{goebel2018,
    title={Explainable AI: the new 42?},
    author={
        Randy Goebel
        and Ajay Chander
        and Katharina Holzinger
        and Freddy Lecue
        and Zeynep Akata
        and Simone Stumpf
        and Peter Kieseberg
        and Andreas Holzinger
    },
    booktitle={International cross-domain conference for machine learning and knowledge extraction},
    pages={295--303},
    year={2018},
    organization={Springer}
}
@incollection{krizhevsky2012,
    title={
        ImageNet Classification with Deep Convolutional
        Neural Networks
    },
    author={
        Alex Krizhevsky
        and Ilya Sutskever
        and Geoffrey E. Hinton
    },
    booktitle={
        Advances in Neural Information Processing Systems 25
    },
    editor={
        F. Pereira
        and C. J. C. Burges
        and L. Bottou
        and K. Q. Weinberger
    },
    pages={1097--1105},
    year={2012},
    publisher={Curran Associates, Inc.},
}
@inproceedings{wang2019,
    title={
        Racial faces in the wild:
        Reducing racial bias by information
        maximization adaptation network
    },
    author={
        Mei Wang
        and Weihong Deng
        and Jiani Hu
        and Xunqiang Tao
        and Yaohai Huang
    },
    booktitle={
        Proceedings of the IEEE International
        Conference on Computer Vision
    },
    pages={692--702},
    year={2019}
}
@inproceedings{levenshtein1966,
    title={Binary codes capable of correcting deletions, insertions, and reversals},
    author={Vladimir I Levenshtein},
    booktitle={Soviet physics doklady},
    volume={10},
    number={8},
    pages={707--710},
    year={1966}
}
@inproceedings{nakayama2007,
    title={Wikipedia mining for an association web thesaurus construction},
    author={Nakayama, Kotaro and Hara, Takahiro and Nishio, Shojiro},
    booktitle={International Conference on Web Information Systems Engineering},
    pages={322--334},
    year={2007},
    organization={Springer}
}
@article{lehmann2015,
    title={DBpedia--a large-scale, multilingual knowledge base extracted from Wikipedia},
    author={Lehmann, Jens and Isele, Robert and Jakob, Max and Jentzsch, Anja and Kontokostas, Dimitris and Mendes, Pablo N and Hellmann, Sebastian and Morsey, Mohamed and Van Kleef, Patrick and Auer, S{\"o}ren and others},
    journal={Semantic web},
    volume={6},
    number={2},
    pages={167--195},
    year={2015},
    publisher={IOS Press}
}
@inproceedings{nguyen2007,
    title={Relation extraction from wikipedia using subtree mining},
    author={Nguyen, Dat PT and Matsuo, Yutaka and Ishizuka, Mitsuru},
    booktitle={Proceedings of the National Conference on Artificial Intelligence},
    volume={22},
    number={2},
    pages={1414},
    year={2007},
    organization={Menlo Park, CA; Cambridge, MA; London; AAAI Press; MIT Press; 1999}
}
@article{rector2008,
    title={Comparison of Wikipedia and other encyclopedias for accuracy, breadth, and depth in historical articles},
    author={Rector, Lucy Holman},
    journal={Reference services review},
    year={2008},
    publisher={Emerald Group Publishing Limited}
}
@article{breiman2001,
    title={Random forests},
    author={Leo Breiman},
    journal={Machine learning},
    volume={45},
    number={1},
    pages={5--32},
    year={2001}
}
@article{schapire1999,
    title={Improved boosting algorithms using confidence-rated predictions},
    author={Schapire, Robert E and Singer, Yoram},
    journal={Machine learning},
    volume={37},
    number={3},
    pages={297--336},
    year={1999},
    publisher={Springer}
}
@inproceedings{ho1995,
    title={Random decision forests},
    author={Ho, Tin Kam},
    booktitle={Proceedings of 3rd international conference on document analysis and recognition},
    volume={1},
    pages={278--282},
    year={1995},
    organization={IEEE}
}
@book{breiman1984,
    title={Classification and regression trees},
    author={Breiman, Leo and Friedman, Jerome and Stone, Charles J and Olshen, Richard A},
    year={1984},
    publisher={CRC press}
}
@article{quinlan1986,
    title={Induction of decision trees},
    author={Quinlan, J. Ross},
    journal={Machine learning},
    volume={1},
    number={1},
    pages={81--106},
    year={1986},
    publisher={Springer}
}
@inproceedings{goel2012,
    title={The structure of online diffusion networks},
    author={Goel, Sharad and Watts, Duncan J and Goldstein, Daniel G},
    booktitle={Proceedings of the 13th ACM conference on electronic commerce},
    pages={623--638},
    year={2012}
}
@Online{nytimes2019,
    title={The New York Times Company Annual Report},
    year={2019},
    author={Mark Thompson}
}
@article{ma2014,
    title={Exploring news reading behavior in Hong Kong: Identification of distinctive reader profiles},
    author={Ma, Will WK and Hui, Ming-Long and Tong, Yuk-Yin and Tse, On-Ki and Wu, Pui-Yee},
    journal={Hong Kong Association of ducational Communications and Technology},
    year={2014},
    publisher={Citeseer}
}
@Online{ttrss,
    title={Tiny Tiny RSS},
    url={https://tt-rss.org/},
    year={2020}
}